@Article{dewey1,
  author = 	"John Dewey",
  title = 	"The Proper Style of Citation in Scholarly Papers, and
		 How to Spend Lots of Time Getting {\LaTeX} to Do It",  
  journal = 	"Life",
  year = 	1910,
  volume = 	12,
  number = 	3,
  pages = 	"37-38"
}

@Article{dewey2,
  author = 	"John Dewey and Thomas Cheatham",
  title = 	"The Proper Style of Citation in Scholarly Papers, and
		 How to Spend Lots of Time Getting {\LaTeX} to Do It", 
  journal = 	"Life",
  year = 	1912,
  volume = 	12,
  number = 	3,
  pages = 	"37-38"
}

@Article{dewey3,
  author = 	"John Dewey and Thomas Cheatham and Elias Howe",
  title = 	"The Proper Style of Citation in Scholarly Papers, and
		 How to Spend Lots of Time Getting {\LaTeX} to Do It", 
  journal = 	"Life",
  year = 	1914,
  volume = 	12,
  number = 	3,
  pages = 	"37-38"
}

@Article{dewey4,
  author = 	"John Dewey and Thomas Cheatham and Elias Howe and
		 Stuart Shieber",
  title = 	"The Proper Style of Citation in Scholarly Papers, and
		 How to Spend Lots of Time Getting {\LaTeX} to Do It", 
  journal = 	"Life",
  year = 	1916,
  volume = 	12,
  number = 	3,
  pages = 	"37-38"
}

@Article{cheatham,
  author = 	"Thomas Cheatham",
  title = 	"The Proper Style of Citation in Scholarly Papers, and
		 How to Spend Lots of Time Getting {\LaTeX} to Do It", 
  journal = 	"Life",
  year = 	1918,
  volume = 	12,
  number = 	3,
  pages = 	"37-38"
}

@Article{howe,
  author = 	"Elias Howe",
  title = 	"The Proper Style of Citation in Scholarly Papers, and
		 How to Spend Lots of Time Getting {\LaTeX} to Do It", 
  journal = 	"Life",
  year = 	1920,
  volume = 	12,
  number = 	3,
  pages = 	"37-38"
}
