@inproceedings{do2011minimally,
  title={Minimally supervised event causality identification},
  author={Do, Q. X. and Chan, Y. S. and Roth, D.},
  booktitle={Proc. of the Conference on Empirical Methods in Natural Language Processing (EMNLP)},
  pages={294--303},
  year={2011}
}

@Conference{Echihabi:03,
  author = "Abdessamad Echihabi and Daniel Marcu",
  title = "A Noisy-Channel Approach to Question Answering",
  booktitle = "Proceedings of the 41st Annual Meeting of the Association for Computational Linguistics (ACL)",
  year = 2003,
  pages = "16--23",
  address = {Sapporo, Japan}
}

@Conference{Moldovan:99,
  author = "Dan Moldovan and Sanda Harabagiu and Marius Pasca and Rada Mihalcea and Richard Goodrum and Roxana Girju and Vasile Rus",
  title = "LASSO - A Tool for Surfing the Answer Net",
  booktitle = "Proceedings of the Text REtrieval Conference (TREC)",
  year = 1999,
  address = {Gaithersburg, MD, USA}
}

@article{russell1995artificial,
  title={Artificial intelligence: a modern approach},
  author={Russell, Stuart and Norvig, Peter},
  year={1995}
}

@book{Piaget1954, 
  author = {Piaget, Jean}, 
  title = {The Construction of Reality in the Child}, 
  publisher = {Basic Books}, 
  year = {1954},
} 

@article{hernault10,
  title={{HILDA}: A Discourse Parser Using Support Vector Machine Classification},
  author={Hernault, H. and Prendinger, H. and duVerle, D. and Ishizuka, M.},
  journal={Dialogue and Discourse},
  volume={1},
  number={3},
  pages={1--33},
  year={2010}
}

@article{suggu2016deep,
  title={Deep Feature Fusion Network for Answer Quality Prediction in Community Question Answering},
  author={Suggu, Sai Praneeth and Goutham, Kushwanth N and Chinnakotla, Manoj K and Shrivastava, Manish},
  journal={arXiv preprint arXiv:1606.07103},
  year={2016}
}

@inproceedings{kielaspecializing,
  title={Specializing Word Embeddings for Similarity or Relatedness},
  author={Kiela, D. and Hill, F. and Clark, S.},
  booktitle={Proc. of the 2015 Conference on Empirical Methods in Natural Language Processing (EMNLP)},
  year={2015}
}

@inproceedings{bjorkelund2014learning,
  title={Learning structured perceptrons for coreference resolution with latent antecedents and non-local features},
  author={Bj{\"o}rkelund, Anders and Kuhn, Jonas},
  booktitle={Proceedings of the Association for Computational Linguistics},
  year={2014}
}

@phdthesis{maccartney2009natural,
  title={Natural language inference},
  author={MacCartney, Bill},
  year={2009},
  school={Citeseer}
}

@inproceedings{Severyn:12,
  Title = {Structural relationships for large-scale learning of answer re-ranking},
  Booktitle = {SIGIR},
  Author = {Aliaksei Severyn and Alessandro Moschitti},
  Year = {2012}
}

@Conference{Cui:05,
  author = "Hang Cui and Renxu Sun and Keya Li and Min-Yen Kan and Tat-Seng Chua",
  title = "Question Answering Passage Retrieval Using Dependency Relations",
  booktitle = "Proceedings of the 28th Annual International ACM SIGIR Conference on Research \& Development in Information Retrieval",
  year = 2005,
  pages = "400--407",
  address = {Salvador, Brazil}
}

@inproceedings{Wang2010ProbabilisticTM,
  title={Probabilistic Tree-Edit Models with Structured Latent Variables for Textual Entailment and Question Answering},
  author={Mengqiu Wang and Christopher D. Manning},
  booktitle={COLING},
  year={2010}
}

@inproceedings{nips15_hermann,
author = {Karl Moritz Hermann and Tom\'a\v{s} Ko\v{c}isk\'y and Edward Grefenstette and Lasse Espeholt and Will Kay and Mustafa Suleyman and Phil Blunsom},
title = {Teaching Machines to Read and Comprehend},
booktitle = "Advances in Neural Information Processing Systems (NIPS)",
year = "2015",
}

@inproceedings{Hashimoto:2012,
  added-at = {2012-08-15T00:00:00.000+0200},
  author = {Hashimoto, Chikara and Torisawa, Kentaro and Saeger, Stijn De and Oh, Jong-Hoon and Kazama, Jun'ichi},
  biburl = {http://www.bibsonomy.org/bibtex/269ee9436a25ff0eaa640538bebd74485/dblp},
  booktitle = {Proceedings of the Conference on Empirical Methods in Natural Language Processing and Computational Natural Language Learning (EMNLP-CoNLL)},
  crossref = {conf/emnlp/2012},
  ee = {http://www.aclweb.org/anthology/D12-1057},
  interhash = {7560332877ad84eda6e2830d2be68947},
  intrahash = {69ee9436a25ff0eaa640538bebd74485},
  isbn = {978-1-937284-43-5},
  keywords = {dblp},
  pages = {619-630},
  publisher = {ACL},
  timestamp = {2012-08-15T00:00:00.000+0200},
  title = {Excitatory or Inhibitory: A New Semantic Orientation Extracts Contradiction and Causality from the Web.},
  url = {http://dblp.uni-trier.de/db/conf/emnlp/emnlp2012.html#HashimotoTSOK12},
  year = 2012
}

@inproceedings{Collins:2002:DTM,
 author = {Collins, Michael},
 title = {Discriminative Training Methods for Hidden Markov Models: Theory and Experiments with Perceptron Algorithms},
 booktitle = {Proceedings of the Conference on Empirical Methods in Natural Language Processing (EMNLP)},
 series = {EMNLP '02},
 year = {2002},
 pages = {1--8},
 numpages = {8},
 url = {http://dx.doi.org/10.3115/1118693.1118694},
 doi = {10.3115/1118693.1118694},
 acmid = {1118694},
 publisher = {Association for Computational Linguistics},
 address = {Stroudsburg, PA, USA},
} 

@inproceedings{chu2004ibm,
  title={{IBM's PIQUANT II in TREC 2004.}},
  author={Chu-Carroll, J. and Czuba, K. and Prager, J. M. and Ittycheriah, A. and Blair-Goldensohn, S.},
  booktitle={Text Retrieval Conference (TREC)},
  year={2004}
}

@Conference{Voorhees:01,
  author = "Voorhees, Ellen M.",
  title = "Overview of the TREC-9 Question Answering Track",
  booktitle = "Proceedings of the Text REtrieval Conference (TREC) TREC-9 Proceedings",
  year = 2001,
  address = {Gaithersburg, MD, USA}
}

@inproceedings{mikolov13,
   author = {Tomas Mikolov and Kai Chen and Greg Corrado and Jeffrey Dean},
   title = {Efficient Estimation of Word Representations in Vector Space},
   booktitle = {Proceedings of the International Conference on Learning Representations (ICLR)},
   year = {2013},
}

@Conference{levy14,
  author = "Omer Levy and Yoav Goldberg",
  title = "Linguistic Regularities in Sparse and Explicit Word Representations",
  booktitle = "Proceedings of the Conference on Computational Natural Language Learning (CoNLL)",
  year = 2014,
}

@Conference{Brill:01,
  author = "Eric Brill and Jimmy Lin and Michele Banko and Susan Dumais and Andrew Ng",
  title = "Data-Intensive Question Answering",
  booktitle = "Proceedings of the Text REtrieval Conference (TREC)",
  year = 2001,
  address = {Gaithersburg, MD, USA}
}

@inproceedings{sachan2016science,
  title={Science Question Answering using Instructional Materials},
  author={Sachan, Mrinmaya and Dubey, Avinava and Xing, Eric P},
  booktitle={The 54th Annual Meeting of the Association for Computational Linguistics},
  pages={467},
  year={2016}
}

@inproceedings{yih2015semantic,
  title={Semantic parsing via staged query graph generation: Question answering with knowledge base},
  author={Yih, Wen-tau and Chang, Ming-Wei and He, Xiaodong and Gao, Jianfeng},
  booktitle={Proceedings of Association for Computational Linguistics (ACL)},
  year={2015}
}

@article{fried2015higher,
  title={Higher-order Lexical Semantic Models for Non-factoid Answer Reranking},
  author={Fried, Daniel and Jansen, Peter and Hahn-Powell, Gustave and Surdeanu, Mihai and Clark, Peter},
  journal={Transactions of the Association for Computational Linguistics},
  volume={3},
  pages={197--210},
  year={2015}
}



@article{ferrucci2010building,
  title={{Building Watson: An overview of the DeepQA project}},
  author={Ferrucci, D. and Brown, E. and Chu-Carroll, J. and Fan, J. and Gondek, D. and Kalyanpur, A. A. and Lally, A. and Murdock, J. W. and Nyberg, E. and Prager, J. and others},
  journal={AI magazine},
  volume={31},
  number={3},
  pages={59--79},
  year={2010}
}

@book{Reece:2011,
  title={Campbell Biology},
  author={Reece, J.B. and Urry, L.A. and Cain, M.L. and Wasserman, S.A. and Minorsky, P.V.},
  isbn={9780321558237},
  lccn={2010020623},
  url={http://books.google.com/books?id=39vMSgAACAAJ},
  year={2011},
  publisher={Pearson Benjamin Cummings}
}

@inproceedings{khot2017tupleinf,
  title={Answering Complex Questions Using Open Information Extraction},
  author={Khot, Tushar and Sabharwal, Ashish and Clark, Peter},
  booktitle={Proceedings of Association for Computational Linguistics (ACL)},
  year={2017}
}

@article{collobert2011natural,
  title={Natural language processing (almost) from scratch},
  author={Collobert, Ronan and Weston, Jason and Bottou, L{\'e}on and Karlen, Michael and Kavukcuoglu, Koray and Kuksa, Pavel},
  journal={Journal of Machine Learning Research},
  volume={12},
  number={Aug},
  pages={2493--2537},
  year={2011}
}

@Article{Surdeanu:11,
  author = "Surdeanu, Mihai and Ciaramita, Massimiliano and Zaragoza, Hugo",
  title = "Learning to Rank Answers to Non-Factoid Questions from Web Collections",  
  journal = "Computational Linguistics",
  year = 2011,
  volume = 37,
  number = 2,
  pages = "351--383"
}

@ARTICLE{och03,
AUTHOR = {Franz Josef Och and Hermann Ney},
TITLE = {A Systematic Comparison of Various Statistical Alignment Models},
JOURNAL= {Computational Linguistics},
NUMBER = 1,
VOLUME = 29,
YEAR = 2003,
PAGES = {19--51}}

@book{halliday2014cohesion,
  title={Cohesion in english},
  author={Halliday, Michael Alexander Kirkwood and Hasan, Ruqaiya},
  year={2014},
  publisher={Routledge}
}

@Conference{Surdeanu:15,
  author = "Mihai Surdeanu and Thomas Hicks and Marco A. Valenzuela-Esc\'{a}rcega",
  title = "Two Practical Rhetorical Structure Theory Parsers",
  booktitle = "Proceedings of the North American Chapter of the Association for Computational Linguistics (NAACL): Software Demonstrations",
  year = 2015,
}

@Article{Soricut:06,
  author = "Radu Soricut and Eric Brill",
  title = "Automatic Question Answering Using the Web: Beyond the Factoid",  
  journal = "Journal of Information Retrieval - Special Issue on Web Information Retrieval",
  year = 2006,
  volume = 9,
  number = 2,
  pages = "191--206"
}

@article{Verberne:2011,
 author = {Verberne, Suzan and Halteren, Hans and Theijssen, Daphne and Raaijmakers, Stephan and Boves, Lou},
 title = {Learning to rank for why-question answering},
 journal = {Inf. Retr.},
 issue_date = {April     2011},
 volume = {14},
 number = {2},
 month = apr,
 year = {2011},
 issn = {1386-4564},
 pages = {107--132},
 numpages = {26},
 url = {http://dx.doi.org/10.1007/s10791-010-9136-6},
 doi = {10.1007/s10791-010-9136-6},
 acmid = {1969508},
 publisher = {Kluwer Academic Publishers},
 address = {Hingham, MA, USA},
 keywords = {Learning to rank, Question answering, Why-questions},
} 

@inproceedings{finkel2010hierarchical,
  title={Hierarchical joint learning: Improving joint parsing and named entity recognition with non-jointly labeled data},
  author={Finkel, Jenny Rose and Manning, Christopher D},
  booktitle={Proceedings of the 48th Annual Meeting of the Association for Computational Linguistics},
  pages={720--728},
  year={2010},
  organization={Association for Computational Linguistics}
}

@Conference{Tao07,
  author = "Tao Tao and ChengXiang Zhai",
  title = "An exploration of proximity measures in information retrieval",
  booktitle = "Proceedings of the 30th annual international ACM SIGIR conference on Research and development in information retrieval",
  year = 2007,
  pages = "259--302",
  address = {Amsterdam, The Netherlands}
}

@InProceedings{feng12,
    author = {Vanessa Wei Feng and Graeme Hirst},
    title = {Text-level Discourse Parsing with Rich Linguistic Features},
    booktitle = {Proceedings of the Association for Computational Linguistics},
    year = 2012,
} 

@article{hochreiter1997long,
  title={Long short-term memory},
  author={Hochreiter, S. and Schmidhuber, J.},
  journal={Neural computation},
  volume={9},
  number={8},
  pages={1735--1780},
  year={1997},
  publisher={MIT Press}
}

@article{Ferucci:12,
  title={Introduction to ``This is Watson''},
  author={Ferrucci, David A},
  journal={IBM Journal of Research and Development},
  volume={56},
  number={3.4},
  year={2012},
  publisher={IBM}
}

@inproceedings{tibshirani2014robust,
  title={Robust Logistic Regression using Shift Parameters.},
  author={Tibshirani, J. and Manning, C. D.},
  booktitle={ACL (2)},
  pages={124--129},
  year={2014}
}

@Article{Li:06,
  author = "Xin Li and Dan Roth",
  title = "Learning Question Classifiers: The Role of Semantic Information",
  journal = "Natural Language Engineering",
  year = 2006,
  pages = "229-249",
  address = {New York, NY, USA}
}

@inproceedings{yih13,
 author = {Yih, Wen-tau  and Ming-Wei Chang and Christopher Meek and Andrzej Pastusiak},
 title = {Question Answering Using Enhanced Lexical Semantic Models},
 booktitle = {Proceedings of the 51st Annual Meeting of the Association for Computational Linguistics (ACL)},
 year = {2013},
 }
 
 @inproceedings{wang09,
 author = {Wang, Xin-Jing and Xudong Tu and Dan Feng and Lei Zhang},
 title = {Ranking Community Answers by Modeling Question-Answer Relationships via Analogical Reasoning},
 booktitle = {Proceedings of the Annual ACM SIGIR Conference},
 year = {2009},
 }
 
 @phdthesis{pasca01,
  author      = {Marius Pasca},
  title       = {High-Performance, Open-Domain Question Answering from Large Text Collections},
  school      = {Southern Methodist University},
  year        = {2001}
 }

@techreport{ilprints422,
          number = {1999-66},
           month = {November},
          author = {Lawrence Page and Sergey Brin and Rajeev Motwani and Terry Winograd},
           title = {The PageRank Citation Ranking: Bringing Order to the Web.},
            type = {Technical Report},
       publisher = {Stanford InfoLab},
            year = {1999},
     institution = {Stanford InfoLab},
             url = {http://ilpubs.stanford.edu:8090/422/},
        abstract = {The importance of a Web page is an inherently subjective matter, which depends on the readers interests, knowledge and attitudes. But there is still much that can be said objectively about the relative importance of Web pages. This paper describes PageRank, a mathod for rating Web pages objectively and mechanically, effectively measuring the human interest and attention devoted to them. We compare PageRank to an idealized random Web surfer. We show how to efficiently compute PageRank for large numbers of pages. And, we show how to apply PageRank to search and to user navigation.}
}
@inproceedings{chen2016thorough,
 author = {Chen, Danqi and Bolton, Jason and Manning, Christopher D.},
 booktitle = {Association for Computational Linguistics (ACL)},
 title = {A Thorough Examination of the CNN/Daily Mail Reading Comprehension Task},
 year = {2016}
}

@inproceedings{Manning:14,
  year = {2014}, 
  author = {Manning, C. D. and Surdeanu, M. and Bauer, J. and Finkel, J. and Bethard, S. J. and McClosky, D.},
  booktitle = {Proc. of the 52nd Annual Meeting of the Association for Computational Linguistics (ACL)}, 
  title = {The {Stanford CoreNLP} Natural Language Processing Toolkit}, 
}

@Conference{Murdock:05,
  author = "Murdock, Vanessa and Croft, W. Bruce",
  title = "A translation model for sentence retrieval",
  booktitle = "Proceedings of the conference on Human Language Technology and Empirical Methods in Natural Language Processing",
  year = 2005,
 pages = {684--691},
 location = {Vancouver, British Columbia, Canada}
}

@Conference{Dredze:etal:2007,
  author = "Mark Dredze and John Blitzer and Partha Pratim Talukdar and Kuzman Ganchev and Joao Graca and Fernando Pereira",
  title = "Frustratingly Hard Domain Adaptation for Parsing",
  booktitle = "Proceedings of the Shared Task of the Conference on Computational Natural Language Learning (CoNLL)",
  pages = "1051--1055",
  address = {Prague, Czech Republic},
  year = 2007
}

@Article{Ciaramita:etal:2008,
  author = "Massimiliano Ciaramita and Vanessa Murdock and Vassilis Plachouras",
  title = "Semantic Associations for Contextual Advertising",  
  journal = "Journal of Electronic Commerce Research - Special Issue on Online Advertising and Sponsored Search",
  year = 2008,
  volume = 9,
  number = 1,
  pages = "1--15"
}

@inproceedings{Li2016VisualizingAU,
  title={Visualizing and Understanding Neural Models in NLP},
  author={Jiwei Li and Xinlei Chen and Eduard H. Hovy and Daniel Jurafsky},
  booktitle={HLT-NAACL},
  year={2016}
}

@article{bordes2015large,
title={Large-scale simple question answering with memory networks},
author={Bordes, Antoine and Usunier, Nicolas and Chopra, Sumit and Weston, Jason},
journal={arXiv preprint arXiv:1506.02075},
year={2015}
}

@inproceedings{baral2012answering,
  title={Answering Why and How questions with respect to a frame-based knowledge base: a preliminary report.},
  author={Baral, Chitta and Vo, Nguyen Ha and Liang, Shanshan},
  booktitle={ICLP (Technical Communications)},
  pages={26--36},
  year={2012},
  organization={Citeseer}
}

@inproceedings{Bhalotia:02,
  year = {2002},
  author = {Bhalotia, G. and Hulgeri, A. and Nakhe, C. and Chakrabarti, S. and Sudarshan, S.},
  booktitle = {Proceedings of ICDE},
  title = {Keyword searching and browsing in databases using {BANKS}}
}

@article{brown1993,
 author = {Brown, Peter F. and Pietra, Vincent J. Della and Pietra, Stephen A. Della and Mercer, Robert L.},
 title = {The Mathematics of Statistical Machine Translation: Parameter Estimation},
 journal = {Comput. Linguist.},
 issue_date = {June 1993},
 volume = {19},
 number = {2},
 month = jun,
 year = {1993},
 issn = {0891-2017},
 pages = {263--311},
 numpages = {49},
 url = {http://dl.acm.org/citation.cfm?id=972470.972474},
 acmid = {972474},
 publisher = {MIT Press},
 address = {Cambridge, MA, USA},
}

@BOOK{hastie09,
AUTHOR    = {Hastie, Trevor and Robert Tibshirani and Jerome Friedman}, 
TITLE     = {The Elements of Statistical Learning: Data Mining, Inference, and Prediction, Second Edition},
PUBLISHER = {Springer},
YEAR      = {2009},
}

@article{Bordes2015LargescaleSQ,
  title={Large-scale Simple Question Answering with Memory Networks},
  author={Antoine Bordes and Nicolas Usunier and Sumit Chopra and Jason Weston},
  journal={CoRR},
  year={2015},
  volume={abs/1506.02075}
}

@Conference{Ciaramita:etal:WWW2008,
  author = "Massimiliano Ciaramita and Vanessa Murdock and Vassilis Plachouras",
  title = "Online Learning from Click Data for Sponsored Search",
  booktitle = "Proceedings of the World Wide Web Conference (WWW)",
  year = 2008,
  pages = "227--236",
  address = {Beijing, China}
}

@Article{mann88,
  author = "William C. Mann and Sandra A. Thompson",
  title = "Rhetorical Structure Theory: Toward a Functional Theory of Text Organization",
  journal = "Text",
  year = 1988,
  volume = 8,
  number = 3,
  pages = "243--281"
}

@inproceedings{hoffmann2011knowledge,
  title={Knowledge-based weak supervision for information extraction of overlapping relations},
  author={Hoffmann, Raphael and Zhang, Congle and Ling, Xiao and Zettlemoyer, Luke and Weld, Daniel S},
  booktitle={Proceedings of the 49th Annual Meeting of the Association for Computational Linguistics: Human Language Technologies-Volume 1},
  pages={541--550},
  year={2011},
  organization={Association for Computational Linguistics}
}

@inproceedings{Tymoshenko:15,
  Title = {Assessing the Impact of Syntactic and Semantic Structures for Answer Passages Reranking},
  Booktitle = {Proceedings of The 24th ACM International Conference on Information and Knowledge Management (CIKM)},
  Author = {Kateryna Tymoshenko and Alessandro Moschitti},
  Year = {2015}
}

@Article{Marcus:etal:1993,
  author = "Mitchell P. Marcus and Beatrice Santorini and Mary Ann Marcinkiewicz",
  title = "Building a large annotated corpus of English: The Penn TreeBank",  
  journal = "Computational Linguistics",
  year = 1993,
  volume = 19,
  number = 2,
  pages = "313--330"
}

@inproceedings{oh2013question,
  title={Why-Question Answering using Intra-and Inter-Sentential Causal Relations.},
  author={Oh, J.-H. and Torisawa, K. and Hashimoto, C. and Sano, M. and De Saeger, S. and Ohtake, K.},
  booktitle={The 51st Annual Meeting of the Association for Computational Linguistics (ACL)},
  pages={1733--1743},
  year={2013}
}

@inproceedings{Parikh2016ADA,
  title={A Decomposable Attention Model for Natural Language Inference},
  author={Ankur P. Parikh and Oscar T{\"a}ckstr{\"o}m and Dipanjan Das and Jakob Uszkoreit},
  booktitle={EMNLP},
  year={2016}
}

@inproceedings{fitzgerald2015semantic,
  title={Semantic Role Labeling with Neural Network Factors},
  author={FitzGerald, N. and T{\"a}ckstr{\"o}m, O. and Ganchev, K. and Das, D.},
  booktitle={Proc. of the 2015 Conference on Empirical Methods in Natural Language Processing (EMNLP)},
  pages={960--970},
  year={2015}
}

@article{barzilay2008modeling,
  title={Modeling local coherence: An entity-based approach},
  author={Barzilay, Regina and Lapata, Mirella},
  journal={Computational Linguistics},
  volume={34},
  number={1},
  pages={1--34},
  year={2008},
  publisher={MIT Press}
}

@article{Moldovan:2003:PIE:763693.763694,
 author = {Moldovan, Dan and Pa\c{s}ca, Marius and Harabagiu, Sanda and Surdeanu, Mihai},
 title = {Performance Issues and Error Analysis in an Open-domain Question Answering System},
 journal = {ACM Trans. Inf. Syst.},
 issue_date = {April 2003},
 volume = {21},
 number = {2},
 month = apr,
 year = {2003},
 issn = {1046-8188},
 pages = {133--154},
 numpages = {22},
 url = {http://doi.acm.org/10.1145/763693.763694},
 doi = {10.1145/763693.763694},
 acmid = {763694},
 publisher = {ACM},
 address = {New York, NY, USA},
 keywords = {Question answering, natural language applications, performance analysis, text retrieval},
} 

@article{mikolov2013efficient,
  title={Efficient estimation of word representations in vector space},
  author={Mikolov, T. and Chen, K. and Corrado, G. and Dean, J.},
  journal={arXiv preprint arXiv:1301.3781},
  year={2013}
}

@article{Verberne:2007,
  title={Discourse-based answering of why-questions},
  author={Verberne, Susan and Boves, Lou and Oostdijk, Nelleke and Coppen, Peter-Arno and others},
  journal={Traitement Automatique des Langues, Discours et document: traitements automatiques},
  volume={47},
  number={2},
  pages={21--41},
  year={2007}
}

@inproceedings{levy2015supervised,
  title={Do supervised distributional methods really learn lexical inference relations},
  author={Levy, O. and Remus, S. and Biemann, C. and Dagan, I. and Ramat-Gan, I.},
  booktitle = {Proc. of the Conference of the North American Chapter of the Association for Computational Linguistics (NAACL)},
  year={2015}
}

@Article{domingos12,
  author = {Pedro Domingos},
  title = {A Few Useful Things to Know about Machine Learning},
  journal = {Communications of the ACM},
  volume = {55},
  number = {10},
  year = {2012},
}

@Conference{Ciaramita:06,
  author = "Massimiliano Ciaramita and Yasemin Altun",
  title = "Broad Coverage Sense Disambiguation and Information Extraction with a Supersense Sequence Tagger",
  booktitle = "Proceedings of the Conference on Empirical Methods in Natural Language Processing (EMNLP)",
  year = 2006,
  pages = "594--602",
  address = {Sidney, Australia}
}

@article{kingma2014adam,
  title={Adam: A method for stochastic optimization},
  author={Kingma, D. and Ba, J.},
  journal={arXiv preprint arXiv:1412.6980},
  year={2014}
}

@inproceedings{pradhan2002building,
  title={Building a Foundation System for Producing Short Answers to Factual Questions.},
  author={Pradhan, Sameer S and Krugler, Valerie and Bethard, Steven and Ward, Wayne and Jurafsky, Daniel and Martin, James H and Blair-Goldensohn, Sasha and Schlaikjer, Andrew Hazen and Filatova, Elena and Dubou{\'e}, Pablo Ariel and others},
  booktitle={TREC},
  year={2002}
}

@Conference{Bilotti:07,
  author = "Matthew W. Bilotti and Paul Ogilvie and Jamie Callan and Eric Nyberg",
  title = "Structured Retrieval for Question Answering",
  booktitle = "Proceedings of the 30th Annual International ACM SIGIR Conference on Research \& Development on Information Retrieval",
  year = 2007,
  pages = "351--358",
  address = "Amsterdam, The Netherlands"
}

@inproceedings{napoles2012annotated,
  title={{Annotated gigaword}},
  author={Napoles, C. and Gormley, M. and Van Durme, B.},
  booktitle={Proc. of the Joint Workshop on Automatic Knowledge Base Construction and Web-scale Knowledge Extraction},
  pages={95--100},
  year={2012}
}

@inproceedings{Severyn:13b,
  Title = {Learning Adaptable Patterns for Passage Reranking},
  Booktitle = {Proceedings of the Seventeenth Conference on Computational Natural Language Learning (CoNLL)},
  Author = {Aliaksei Severyn and Massimo Nicosia and Alessandro Moschitti},
  Year = {2013}
}

@inproceedings{hickl2006recognizing,
  title={Recognizing textual entailment with LCC’s GROUNDHOG system},
  author={Hickl, Andrew and Williams, John and Bensley, Jeremy and Roberts, Kirk and Rink, Bryan and Shi, Ying},
  booktitle={Proceedings of the Second PASCAL Challenges Workshop},
  year={2006}
}

@Article{surdeanu:07,
  author = "Mihai Surdeanu and Lluis Marquez and Xavier Carreras and Pere R. Comas",
  title = "Combination strategies for semantic role labeling",
  journal = "Journal of Artificial Intelligence Research",
  year = 2007,
  volume = 29,
  pages = "105--151"
}

@Conference{surdeanu:08,
  author = "Mihai Surdeanu and Richard Johansson and Adam Meyers and Lluis Marquez and Joakim Nivre",
  title = "The CoNLL-2008 Shared Task on Joint Parsing of Syntactic and Semantic Dependencies",
  booktitle = "Proceedings of the Conference on Computational Natural Language Learning (CoNLL)",
  year = 2008,
  pages = "159--177",
  address = {Machester, United Kingdom}
}

@inproceedings{iyyer2015deep,
  title={Deep unordered composition rivals syntactic methods for text classification},
  author={Iyyer, Mohit and Manjunatha, Varun and Boyd-Graber, Jordan and Daum{\'e} III, Hal},
  booktitle={Proceedings of the Association for Computational Linguistics},
  year={2015}
}




@inproceedings{dong2015question,
  title={Question answering over freebase with multi-column convolutional neural networks},
  author={Dong, Li and Wei, Furu and Zhou, Ming and Xu, Ke},
  booktitle={Proceedings of Association for Computational Linguistics},
  pages={260--269},
  year={2015}
}


@inproceedings{zettlemoyer2007online,
  title={Online Learning of Relaxed CCG Grammars for Parsing to Logical Form},
  author={Zettlemoyer, Luke S and Collins, Michael},
  booktitle={Proceedings of the Conference on Empirical Methods in Natural Language Processing and Computational Natural Language Learning (EMNLP-CoNLL)},
  pages={678--687},
  year={2007}
}

@inproceedings{fernandes2012latent,
  title={Latent structure perceptron with feature induction for unrestricted coreference resolution},
  author={Fernandes, Eraldo Rezende and Dos Santos, C{\'\i}cero Nogueira and Milidi{\'u}, Ruy Luiz},
  booktitle={Joint Conference on Empirical Methods in Natural Language Processing and Computational Natural Language Learning (EMNLP-CoNLL) -Shared Task},
  pages={41--48},
  year={2012},
  organization={Association for Computational Linguistics}
}

@article{letham2015interpretable,
  title={Interpretable classifiers using rules and Bayesian analysis: Building a better stroke prediction model},
  author={Letham, Benjamin and Rudin, Cynthia and McCormick, Tyler H and Madigan, David and others},
  journal={The Annals of Applied Statistics},
  volume={9},
  number={3},
  pages={1350--1371},
  year={2015},
  publisher={Institute of Mathematical Statistics}
}

@article{gondek2012framework,
  title={A framework for merging and ranking of answers in DeepQA},
  author={Gondek, DC and Lally, Adam and Kalyanpur, Aditya and Murdock, J William and Dubou{\'e}, Pablo Ariel and Zhang, Lei and Pan, Yue and Qiu, ZM and Welty, Chris},
  journal={IBM Journal of Research and Development},
  volume={56},
  number={3.4},
  year={2012},
  publisher={IBM}
}

@Conference{Magnini:02,
  author = "Bernardo Magnini and Matteo Negri and Roberto Prevete and Hristo Tanev",
  title = "Comparing Statistical and Content-Based Techniques for Answer Validation on the Web",
  booktitle = "Proceedings of the VIII Convegno AI*IA",
  year = 2002,
  address = {Siena, Italy}
}

@inproceedings{Chakrabarti:06,
  year = {2006},
  author = {Chakrabarti, S. and Agarwal, A.},
  booktitle = {Proceedings of PKDD},
  title = {Learning parameters in entity relationship graphs from ranking preferences}
}

@inproceedings{girju2002text,
  title={Text mining for causal relations},
  author={Girju, R. and Moldovan, D. I.},
  booktitle={FLAIRS Conference},
  pages={360--364},
  year={2002}
}

@Conference{ciaramita:08,
  author = "Massimiliano Ciaramita and Giuseppe Attardi and Felice Dell'Orletta and Mihai Surdeanu",
  title = "DeSRL: A Linear-Time Semantic Role Labeling System",
  booktitle = "Proceedings of the Shared Task of the 12th Conference on Computational Natural Language Learning (CoNLL-2008)",
  year = 2008,
  pages = "258--262",
  address = {Manchester, United Kingdom}
}

@inproceedings{whitney:12,
  year = {2012},
  author = {Max Whitney and Anoop Sarkar},
  booktitle = {Proceedings of the 50th Annual Meeting of the Association for Computational Linguistics},
  title = {Bootstrapping via Graph Propagation}
}

@inproceedings{echihabi2003noisy,
  title={A noisy-channel approach to question answering},
  author={Echihabi, Abdessamad and Marcu, Daniel},
  booktitle={Proceedings of the 41st Annual Meeting on Association for Computational Linguistics-Volume 1},
  pages={16--23},
  year={2003},
  organization={Association for Computational Linguistics}
}

@Conference{Berger:00,
  author = "Adam Berger and Rich Caruana and David Cohn and Dayne Freytag and Vibhu Mittal",
  title = "Bridging the Lexical Chasm: Statistical Approaches to Answer Finding",
  booktitle = "Proceedings of the 23rd Annual International ACM SIGIR Conference on Research \& Development on Information Retrieval",
  year = 2000,
  address = {Athens, Greece}
}

@article{murdock2012textual,
  title={Textual evidence gathering and analysis},
  author={Murdock, J William and Fan, James and Lally, Adam and Shima, Hideki and Boguraev, BK},
  journal={IBM Journal of Research and Development},
  volume={56},
  number={3.4},
  year={2012},
  publisher={IBM}
}

@inproceedings{hearst1992automatic,
  title={Automatic acquisition of hyponyms from large text corpora},
  author={Hearst, M. A.},
  booktitle={Proc. of the 14th conference on Computational linguistics (COLING)},
  pages={539--545},
  year={1992}
}

@inproceedings{soricut2004automatic,
  title={Automatic Question Answering: Beyond the Factoid.},
  author={Soricut, Radu and Brill, Eric},
  booktitle={HLT-NAACL},
  pages={57--64},
  year={2004}
}

@inbook{halliday2014cohesionintroduction,
  author={Halliday, Michael Alexander Kirkwood and Hasan, Ruqaiya},
  chapter={Introduction},
  crossref={halliday2014cohesion}
}

@inproceedings{valenzuela2016runes,
  title={Odin's Runes: A Rule Language for Information Extraction},
  author={Valenzuela-Esc\'{a}rcega, M. A. and Hahn-Powell, G. and Surdeanu, M.},
  booktitle={Proc. of the 10th International Conference on Language Resources and Evaluation (LREC)},
  year={2016}
}

@inproceedings{he2016pairwise,
  title={Pairwise word interaction modeling with deep neural networks for semantic similarity measurement},
  author={He, Hua and Lin, Jimmy},
  booktitle={Proceedings of NAACL-HLT},
  pages={937--948},
  year={2016}
}


@inproceedings{Iyyer2014,
  Title = {A Neural Network for Factoid Question Answering over Paragraphs},
  Booktitle = {Empirical Methods in Natural Language Processing},
  Author = {Mohit Iyyer and Jordan Boyd-Graber and Leonardo Claudino and Richard Socher and Hal {Daum\'{e} III}},
  Year = {2014},
  Location = {Doha, Qatar},
}

@inproceedings{Bordes2013TranslatingEF,
  title={Translating Embeddings for Modeling Multi-relational Data},
  author={Antoine Bordes and Nicolas Usunier and Alberto Garc{\'i}a-Dur{\'a}n and Jason Weston and Oksana Yakhnenko},
  booktitle={NIPS},
  year={2013}
}

@Conference{Moschitti:07,
  author = "Alessandro Moschitti and Silvia Quarteroni and Roberto Basili and Suresh Manandhar",
  title = "Exploiting Syntactic and Shallow Semantic Kernels for Question/Answer Classification",
  booktitle = "Proceedings of the 45th Annual Meeting of the Association for Computational Linguistics (ACL)",
  year = 2007,
  pages = {776--783},
  address = {Prague, Czech Republic}
}

@Conference{Moschitti:04,
  author = "Alessandro Moschitti",
  title = "A study on Convolution Kernels for Shallow Semantic Parsing",
  booktitle = "Proceedings of the 42th Annual Meeting of the Association for Computational Linguistics (ACL)",
  year = 2004
}

@inproceedings{Iyyer2015,
  Title = {Deep Unordered Composition Rivals Syntactic Methods for Text Classification},
  Booktitle = {Association for Computational Linguistics},
  Author = {Mohit Iyyer and Varun Manjunatha and Jordan Boyd-Graber and Hal {Daum\'{e} III}},
  Year = {2015},
  Location = {Beijing, China}
}

@Article{Etzioni:11,
  author = "O. Etzioni",
  title = "Search needs a shake-up",
  journal = "Nature",
  year = 2011,
  volume = 476,
  number = 7358,
  pages = "25--26",
}

@inproceedings{mikolov10,
   author = {Tomas Mikolov and Martin Karafiat and Lukas Burget and Jan
	Cernocky and Sanjeev Khudanpur},
   title = {Recurrent neural network based language model},
   booktitle = {Proceedings of the 11th Annual Conference of the
	International Speech Communication Association (INTERSPEECH
	2010)},
   year = {2010},
 }

@InProceedings{Oh:2013,
  author    = {Oh, Jong-Hoon  and  Torisawa, Kentaro  and  Hashimoto, Chikara  and  Sano, Motoki  and  De Saeger, Stijn  and  Ohtake, Kiyonori},
  title     = {Why-Question Answering using Intra- and Inter-Sentential Causal Relations},
  booktitle = {Proceedings of the 51st Annual Meeting of the Association for Computational Linguistics (Volume 1: Long Papers)},
  month     = {August},
  year      = {2013},
  address   = {Sofia, Bulgaria},
  publisher = {Association for Computational Linguistics},
  pages     = {1733--1743},
  url       = {http://www.aclweb.org/anthology/P13-1170}
}

@Article{Verberne:10,
  author = "Verberne, Suzan and Boves, Lou and Oostdijk, Nelleke and Coppen, Peter-Arno",
  title = "What is not in the bag of words for why-qa?",  
  journal = "Computational Linguistics",
  year = 2010,
  volume = 36,
  number = 2,
  pages = "229--245"
}

@inproceedings{Prager:2000,
 author = {Prager, John and Brown, Eric and Coden, Anni and Radev, Dragomir},
 title = {Question-answering by predictive annotation},
 booktitle = {Proceedings of the 23rd annual international ACM SIGIR conference on Research and development in information retrieval},
 series = {SIGIR '00},
 year = {2000},
 isbn = {1-58113-226-3},
 location = {Athens, Greece},
 pages = {184--191},
 numpages = {8},
 url = {http://doi.acm.org/10.1145/345508.345574},
 doi = {10.1145/345508.345574},
 acmid = {345574},
 publisher = {ACM},
 address = {New York, NY, USA},
} 

@inproceedings{manning2014stanford,
  title={The Stanford CoreNLP natural language processing toolkit},
  author={Manning, Christopher D and Surdeanu, Mihai and Bauer, John and Finkel, Jenny and Bethard, Steven J and McClosky, David},
  booktitle={Proceedings of 52nd Annual Meeting of the Association for Computational Linguistics: System Demonstrations},
  pages={55--60},
  year={2014}
}



@inproceedings{moldovan2001logic,
  title={Logic form transformation of wordnet and its applicability to question answering},
  author={Moldovan, Dan I and Rus, Vasile},
  booktitle={Proceedings of the 39th Annual Meeting on Association for Computational Linguistics},
  pages={402--409},
  year={2001},
  organization={Association for Computational Linguistics}
}

@inproceedings{yaoyong:etal:2002,
 author = {Li, Yaoyong and Zaragoza, Hugo and Herbrich, Ralf and Shawe-Taylor, John and Kandola, Jaz S.},
 title = {The Perceptron Algorithm with Uneven Margins},
 booktitle = {Proceedings of the Nineteenth International Conference on Machine Learning},
 year = {2002},
 pages = {379--386},
  address = {Sidney, Australia}
}

@Conference{Harabagiu:00,
  author = "Sanda Harabagiu and Dan Moldovan and Marius Pasca and Rada Mihalcea and Mihai Surdeanu and Razvan Bunescu and Roxana Girju and Vasile Rus and Paul Morarescu",
  title = "Falcon: Boosting Knowledge for Answer Engines",
  booktitle = "Proceedings of the Text REtrieval Conference (TREC)",
  year = 2000,
  address = {Gaithersburg, MD, USA}
}

@inproceedings{Tan2016ImprovedRL,
  title={Improved Representation Learning for Question Answer Matching},
  author={Ming Tan and C{\'i}cero Nogueira dos Santos and Bing Xiang and Bowen Zhou},
  booktitle={ACL},
  year={2016}
}

@Conference{manning14,
  author = "Manning, Christopher D. and Surdeanu, Mihai and Bauer, John and Finkel, Jenny and Bethard, Steven J. and McClosky, David",
  title = "The Stanford CoreNLP Natural Language Processing Toolkit",
  booktitle = "Proceedings of the 52nd Annual Meeting of the Association for Computational Linguistics (ACL)",
  year = 2014,
}

@inproceedings{baral2011towards,
  title={Towards deep reasoning with respect to natural language text in scientific domains},
  author={Baral, Chitta and Liang, Shanshan and Nguyen, Vo},
  booktitle={DeepKR Workshop},
  year={2011},
  organization={Citeseer}
}

@inproceedings{moldovan2003cogex,
  title={Cogex: A logic prover for question answering},
  author={Moldovan, Dan and Clark, Christine and Harabagiu, Sanda and Maiorano, Steve},
  booktitle={Proceedings of the 2003 Conference of the North American Chapter of the Association for Computational Linguistics on Human Language Technology-Volume 1},
  pages={87--93},
  year={2003},
  organization={Association for Computational Linguistics}
}

@inproceedings{Shen:Klakow:2006,
author = {Shen, Dan and Klakow, Dietrich},
booktitle = {Proceedings of the 21st International Conference on Computational Linguistics and the 44th annual meeting of the Association for Computational Linguistics},
keywords = {qa},
mendeley-tags = {qa},
pages = {889--896},
location = {Sydney, Australia},
publisher = {Association for Computational Linguistics},
title = {{Exploring correlation of dependency relation paths for answer extraction}},
year = {2006}
}

@BOOK{manning08,
AUTHOR    = {Christopher D. Manning and Prabhakar Raghavan and Hinrich Sch\"{u}tze}, 
TITLE     = {Introduction to Information Retrieval},
PUBLISHER = {Cambridge University Press},
YEAR      = {2008},
}

@Article{Freund:Schapire:1999,
  author = "Yoav Freund and Robert E. Schapire",
  title = "Large margin classification using the perceptron algorithm",  
  journal = "Machine Learning",
  year = 1999,
  volume = 37,
  pages = "277--296"
}

@Conference{Xue08,
  author = "Xue, Xiaobing and Jeon, Jiwoon and Croft, W. Bruce",
  title = "Retrieval Models for Question and Answer Archives",
  booktitle = "Proceedings of the Annual ACM SIGIR Conference on Research and Development in Information Retrieval",
  year = 2008,
  pages = {475--482},
  location = {Singapore, Singapore}
}

@inproceedings{Tong:06,
  year = {2006},
  author = {Tong, H. and Faloutsos, C. and Pan, J.-Y.},
  booktitle = {Proceedings of ICDM},
  title = {Fast random walk with restart and its applications}
}

@Conference{Jeon:05,
  author = "Jiwoon Jeon and W. Bruce Croft and Joon Hoo Lee",
  title = "Finding Similar Questions in Large Question and Answer Archives",
  booktitle = "Proceedings of the ACM Conference on Information and Knowledge Management (CIKM)",
  year = 2005,
  pages = "84--90",
  address = {Bremen, Germany}
}

@Inproceedings {mcsherry2008,
author       = {Frank McSherry and Marc Najork},
booktitle    = {30th European Conference on IR Research (ECIR)},
month        = {April},
publisher    = {Springer-Verlag},
title        = {Computing Information Retrieval Performance Measures Efficiently in the Presence
                of Tied Scores},
url          = {http://research.microsoft.com/apps/pubs/default.aspx?id=57213},
year         = {2008},
}

@Conference{Jeon:06,
  author = "Jiwoon Jeon and W. Bruce Croft and Joon Hoo Lee and Soyeon Park",
  title = "A Framework to Predict the Quality of Answers with Non-Textual Features",
  booktitle = "Proceedings of the 29th Annual International ACM SIGIR Conference on Research and Development in Information Retrieval",
  year = 2006,
  pages = "228--235",
  address = {Seattle, Washington, USA}
}

@Conference{Collins:Duffy:2001,
  author = "Michael Collins and Nigel Duffy",
  title = "Convolution Kernels for Natural Language",
  booktitle = "Proceedings of the Neural Information Processing Systems Conference (NIPS)",
  year = 2001,
  address = {Vancouver, Canada}
}

@article{graff2003english,
  title={English gigaword, LDC2003T05},
  author={Graff, David and Kong, Junbo and Chen, Ke and Maeda, Kazuaki},
  url={https://catalog.ldc.upenn.edu/LDC2003T05},
  journal={Linguistic Data Consortium, Philadelphia},
  year={2003}
}

@article{Moschitti:11,
  Title = {Linguistic Kernels for Answer Re-ranking in Question Answering Systems},
  journal = {Information and Processing Management: an International journal},
  Author = {Alessandro Moschitti and Silvia Quarteroni},
  publisher={Elsevier},
  Year = {2011}
}

@inproceedings{chen2014fast,
  title={A Fast and Accurate Dependency Parser using Neural Networks.},
  author={Chen, Danqi and Manning, Christopher D},
  booktitle={Empirical MNLP},
  pages={740--750},
  year={2014}
}

@inproceedings{yao2013,
  title={Semi-Markov Phrase-based Monolingual Alignment.},
  author={Yao, Xuchen and Van Durme, Benjamin and Callison-Burch, Chris and Clark, Peter},
  booktitle={Proceedings of the Conference on Empirical Methods in Natural Language Processing (EMNLP)},
  year={2013}
}

@Conference{baroni14,
  author = "Marco Baroni and Georgiana Dinu and German Kruszewski",
  title = "Don’t count, predict! A systematic comparison of context-counting vs. context-predicting semantic vectors",
  booktitle = "Proceedings of the 52nd Annual Meeting of the Association for Computational Linguistics (ACL)",
  year = 2014,
}

@inproceedings{mikolov2013distributed,
  title={Distributed representations of words and phrases and their compositionality},
  author={Mikolov, T. and Sutskever, I. and Chen, K. and Corrado, G. S. and Dean, J.},
  booktitle={Advances in neural information processing systems},
  pages={3111--3119},
  year={2013}
}

@inproceedings{Minkov:06,
  year = {2006},
  author = {Minkov, E. and Cohen, William W. and Ng, Andrew Y.},
  booktitle = {Proceedings of SIGIR},
  title = {Contextual search and name disambiguation in email using graphs}
}

@ARTICLE{2016arXiv160502688short,
   author = {{Theano Development Team}},
    title = "{Theano: A {Python} framework for fast computation of mathematical expressions}",
  journal = {arXiv e-prints},
   volume = {abs/1605.02688},
 primaryClass = "cs.SC",
 keywords = {Computer Science - Symbolic Computation, Computer Science - Learning, Computer Science - Mathematical Software},
     year = 2016,
    month = may
}


%
% Visualizations of NNs
%

@inproceedings{riloff1996automatically,
  title={Automatically generating extraction patterns from untagged text},
  author={Riloff, E.},
  booktitle={Proc. of the National Conference on Artificial Intelligence (AAAI)},
  pages={1044--1049},
  year={1996}
}

@inproceedings{Ciaramita-Johnson:2003:EMNLP,
  author = {Ciaramita, Massimiliano  and  Johnson, Mark},
  title  = {Supersense Tagging of Unknown Nouns in {WordNet}},
  booktitle = {Proceedings of the 2003 Conference on Empirical Methods in Natural Language Processing},
  year   = 2003,
  pages  = {168--175},
  address = {Sapporo, Japan}
}

@Conference{Attardi:etal:2007,
  author = "Giuseppe Attardi and Felice Dell'Orletta and Maria Simi and Atanas Chanev and Massimiliano Ciaramita",
  title = "Multilingual Dependency Parsing and Domain Adaptation using {DeSR}",
  booktitle = "Proceedings of the Shared Task of the Conference on Computational Natural Language Learning (CoNLL)",
  year = 2007,
  pages = "1112--1118",
  address = {Prague, Czech Republic}
}

@BOOK{jurafsky09,
AUTHOR    = {Dan Jurafsky and James H. Martin}, 
TITLE     = {Speech and Language Processing, Second Edition},
PUBLISHER = {Prentice Hall},
YEAR      = {2009},
}

@inproceedings{Park:2015,
 author = {Park, Jae Hyun and Croft, W. Bruce},
 title = {Using Key Concepts in a Translation Model for Retrieval},
 booktitle = {Proceedings of the 38th International ACM SIGIR Conference on Research and Development in Information Retrieval},
 series = {SIGIR '15},
 year = {2015},
 isbn = {978-1-4503-3621-5},
 location = {Santiago, Chile},
 pages = {927--930},
 numpages = {4},
 url = {http://doi.acm.org/10.1145/2766462.2767768},
 doi = {10.1145/2766462.2767768},
 acmid = {2767768},
 publisher = {ACM},
 address = {New York, NY, USA},
 keywords = {answer passage retrieval, query expansion, query term classification, translation model},
} 

@article{yang2014multi,
  title={Multi level causal relation identification using extended features},
  author={Yang, X. and Mao, K.},
  journal={Expert Systems with Applications},
  volume={41},
  number={16},
  pages={7171--7181},
  year={2014},
  publisher={Elsevier}
}

@unpublished{rmsprop,
  Author = {Tijmen Tieleman and Hinton, Geoffrey},
  Institution = {COURSERA: Neural Networks for Machine Learning},
  Volume = {4},
  Howpublished = {Lecture},
  Year = {2012},
  Title = {Lecture 6.5-rmsprop: Divide the gradient by a running
average of its recent magnitude}
}

@article{faruqui2016problems,
  title={Problems With Evaluation of Word Embeddings Using Word Similarity Tasks},
  author={Faruqui, M. and Tsvetkov, Y. and Rastogi, R. and Dyer, C.},
  journal={arXiv preprint arXiv:1605.02276},
  year={2016}
}

@techreport{de2008stanford,
  title={Stanford typed dependencies manual},
  author={De Marneffe, Marie-Catherine and Manning, Christopher D},
  year={2008},
  institution={Technical report, Stanford University}
}

@inproceedings{chen14,
  year = {2014}, 
  author = {Chen, D. and Manning, C. D.},
  booktitle = {Proc. of the Conferenc on Empirical Methods for Natural Language Processing (EMNLP)}, 
  title = {A Fast and Accurate Dependency Parser using Neural Networks}, 
}

@proceedings{DBLP:conf/aaai/2015,
  editor    = {Blai Bonet and
               Sven Koenig},
  title     = {Proceedings of the Twenty-Ninth {AAAI} Conference on Artificial Intelligence,
               January 25-30, 2015, Austin, Texas, {USA}},
  publisher = {{AAAI} Press},
  year      = {2015},
  timestamp = {Sun, 12 Apr 2015 12:16:43 +0200}
}

@InProceedings{marneffe:06,
    author = {de Marneffe, Marie-Catherine and  MacCartney, Bill and Manning, Christopher D.},
    title = { Generating Typed Dependency Parses from Phrase Structure Parses},
    booktitle = {Proceedings of the International Conference on Language Resources and Evaluation (LREC)},
    year = 2006,
}

@inproceedings{liang2006end,
  title={An end-to-end discriminative approach to machine translation},
  author={Liang, Percy and Bouchard-C{\^o}t{\'e}, Alexandre and Klein, Dan and Taskar, Ben},
  booktitle={Proceedings of the 21st International Conference on Computational Linguistics and the 44th annual meeting of the Association for Computational Linguistics},
  pages={761--768},
  year={2006},
  organization={Association for Computational Linguistics}
}

@article{brysbaert:2014,
  year={2014},
  journal={Behavior Research Methods},
  volume={46},
  number={3},
  doi={10.3758/s13428-013-0403-5},
  title={Concreteness ratings for 40 thousand generally known English word lemmas},
  url={http://dx.doi.org/10.3758/s13428-013-0403-5},
  publisher={Springer US},
  keywords={Concreteness; Ratings; Crowdsourcing; Word recognition},
  author={Brysbaert, Marc and Warriner, AmyBeth and Kuperman, Victor},
  pages={904-911},
  language={English}
}

@article{khoo1998automatic,
  title={Automatic extraction of cause-effect information from newspaper text without knowledge-based inferencing},
  author={Khoo, C. S.G. and Kornfilt, J. and Oddy, R. N. and Myaeng, S. H.},
  journal={Literary and Linguistic Computing},
  volume={13},
  number={4},
  pages={177--186},
  year={1998},
  publisher={ALLC}
}

@article{liang2013learning,
  title={Learning dependency-based compositional semantics},
  author={Liang, Percy and Jordan, Michael I and Klein, Dan},
  journal={Computational Linguistics},
  volume={39},
  number={2},
  pages={389--446},
  year={2013},
  publisher={MIT Press}
}

@Conference{Agichtein:01,
  author = "Eugene Agichtein and Steve Lawrence and Luis Gravano",
  title = "Learning Search Engine Specific Query Transformations for Question Answering",
  booktitle = "Proceedings of the World Wide Web Conference",
  year = 2001,
  pages = "169--178",
  address = {Hong Kong, China}
}

@inproceedings{chambers2007learning,
  title={Learning alignments and leveraging natural logic},
  author={Chambers, N. and Cer, D. and Grenager, T. and Hall, D. and Kiddon, C. and MacCartney, B. and De Marneffe, M.-C. and Ramage, D. and Yeh, E. and Manning, C. D.},
  booktitle={Proc. of the ACL-PASCAL Workshop on Textual Entailment and Paraphrasing},
  pages={165--170},
  year={2007}
}

@inproceedings{Tsochantaridis:etal:2004,
 author = {Tsochantaridis, Ioannis and Hofmann, Thomas and Joachims, Thorsten and Altun, Yasemin},
 title = {Support vector machine learning for interdependent and structured output spaces},
 booktitle = {ICML '04: Proceedings of the twenty-first international conference on Machine learning},
 year = {2004},
 isbn = {1-58113-828-5},
 pages = {104--111},
 location = {Banff, Alberta, Canada},
 publisher = {ACM},
 address = {New York, NY, USA}
 }

@inproceedings{Voorhees:2003,
 author = {Voorhees, Ellen M.},
 title = {Evaluating Answers to Definition Questions},
 booktitle = {Proceedings of the 2003 Conference of the North American Chapter of the Association for Computational Linguistics on Human Language Technology: Companion Volume of the Proceedings of HLT-NAACL 2003--short Papers - Volume 2},
 series = {NAACL-Short '03},
 year = {2003},
 location = {Edmonton, Canada},
 pages = {109--111},
 numpages = {3},
 url = {http://dx.doi.org/10.3115/1073483.1073520},
 doi = {10.3115/1073483.1073520},
 acmid = {1073520},
 publisher = {Association for Computational Linguistics},
 address = {Stroudsburg, PA, USA},
} 

@InProceedings{sharp-EtAl:2015:NAACL-HLT,
  author    = {Sharp, Rebecca  and  Jansen, Peter  and  Surdeanu, Mihai  and  Clark, Peter},
  title     = {Spinning Straw into Gold: Using Free Text to Train Monolingual Alignment Models for Non-factoid Question Answering},
  booktitle = {Proceedings of the 2015 Conference of the North American Chapter of the Association for Computational Linguistics: Human Language Technologies},
  month     = {May--June},
  year      = {2015},
  address   = {Denver, Colorado},
  publisher = {Association for Computational Linguistics},
  pages     = {231--237}
}

@inproceedings{bordes2014question,
  title={Question Answering with Subgraph Embeddings},
  author={Bordes, Antoine and Chopra, Sumit and Weston, Jason},
  booktitle={Proceedings of the Conference on Empirical Methods in Natural Language Processing (EMNLP) 2014},
  year={2014}
}

@Conference{Charniak:00,
  author = "Eugene Charniak",
  title = "A Maximum-entropy-inspired Parser",
  booktitle = "Proceedings of the North American Chapter of the Association for Computational Linguistics (NAACL)",
  year = 2000,
  pages = "132--139",
  address = {Seattle, Washington, USA}
}

@Conference{Robertson:97,
  author = "Stephen Robertson and Stephen G. Walker",
  title = "On relevance Weights with Little Relevance Information",
  booktitle = "Proceedings of the Annual International ACM SIGIR Conference on Research and Development in Information Retrieval",
  year = 1997,
  pages = {16--24},
  address = {New York, NY, USA}
}

@inproceedings{banarescu2012amr,
  title={Abstract Meaning Representation for Sembanking},
  author={Banarescu, Laura and Bonial, Claire and Cai, Shu and Georgescu, Madalina and Griffitt, Kira and Hermjakob, Ulf and Knight, Kevin and Koehn, Philipp and Palmer, Martha and Schneider, Nathan},
  booktitle={Proceedings of the 7th Linguistic Annotation Workshop and Interoperability with Discourse},
  pages={178–-186},
  year={2013},
  organization={Association for Computational Linguistics}
}

@article{och2003systematic,
  title={A systematic comparison of various statistical alignment models},
  author={Och, Franz Josef and Ney, Hermann},
  journal={Computational linguistics},
  volume={29},
  number={1},
  pages={19--51},
  year={2003},
  publisher={MIT Press}
}

@article{Punyakanok2004,
author = {Punyakanok, Vasin and Roth, Dan and Yih, Wen-tau},
journal = {Proceedings of AI\&Math 2004},
keywords = {qa},
mendeley-tags = {qa},
title = {{Mapping dependencies trees: An application to question answering}},
year = {2004},
  pages = "1--10",
  address = {Fort Lauderdale, Florida, USA}
}

@inproceedings{surdeanu:2007b,
 author = {Surdeanu, Mihai and Ciaramita, Massimiliano},
 title = {Robust Information Extraction with Perceptrons},
 booktitle = {Proceedings of the NIST 2007 Automatic Content Extraction Workshop (ACE07)},
 year = {2007},
  address = {College Park, Maryland, USA}
}

@misc{chollet2015keras,
  title={Keras},
  author={Chollet, F.},
  year={2015},
  publisher={GitHub},
  howpublished={\url{https://github.com/fchollet/keras}},
}

@incollection{Carlson:2003,
  added-at = {2011-03-09T04:36:39.000+0100},
  author = {Carlson, Lynn and Marcu, Daniel and Okurowski, Mary Ellen},
  biburl = {http://www.bibsonomy.org/bibtex/24e4da5db46fc21cf52c942d6b68ed250/kabloom},
  booktitle = {{C}urrent {D}irections in {D}iscourse and {D}ialogue},
  editor = {{van Kuppevelt}, Jan and Smith, Ronnie},
  interhash = {63d0bcf9949d7d316f9f73683a62822f},
  intrahash = {4e4da5db46fc21cf52c942d6b68ed250},
  keywords = {imported},
  pages = {85--112},
  publisher = {{K}luwer {A}cademic {P}ublishers},
  timestamp = {2011-03-09T04:36:39.000+0100},
  title = {{B}uilding a {D}iscourse-{T}agged {C}orpus in the
		 {F}ramework of {R}hetorical {S}tructure {T}heory},
  topics = {area.RST,area.corpora},
  url = {http://www.isi.edu/~marcu/papers/sigdialbook2002.pdf},
  year = 2003
}

@inproceedings{cole2005lightweight,
  title={A lightweight tool for automatically extracting causal relationships from text},
  author={Cole, S. V. and Royal, M. D. and Valtorta, M. G. and Huhns, M. N. and Bowles, J. B.},
  booktitle={SoutheastCon, 2006. Proc. of the IEEE},
  pages={125--129},
  year={2005}
}

@article{craven1996extracting,
  title={Extracting tree-structured representations of trained networks},
  author={Craven, Mark W and Shavlik, Jude W},
  journal={Advances in neural information processing systems},
  pages={24--30},
  year={1996},
  publisher={MORGAN KAUFMANN PUBLISHERS}
}

@Conference{Ko:07,
  author = "Jeongwoo Ko and Teruko Mitamura and Eric Nyberg",
  title = "Language-independent Probabilistic Answer Ranking for Question Answering",
  booktitle = "Proceedings of the 45th Annual Meeting of the Association for Computational Linguistics",
  year = 2007,
  pages = "784--791",
  address = {Prague, Czech Republic}
}

@inproceedings{Severyn:13a,
  Title = {Automatic Feature Engineering for Answer Selection and Extraction},
  Booktitle = {Proceedings of the Conference on Empirical Methods in Natural Language Processing (EMNLP)},
  Author = {Aliaksei Severyn and Alessandro Moschitti},
  Year = {2013}
}

@Article{Shen:Joshi:2005,
  author = "Libin Shen and Aravind K. Joshi",
  title = "Ranking and Reranking with Perceptron",  
  journal = "Machine Learning. Special Issue on Learning in Speech
and Language Technologies",
  year = 2005,
  volume = 60,
  number = 1,
  pages = "73--96"
}


@inproceedings{barzilay1999information,
  title={Information fusion in the context of multi-document summarization},
  author={Barzilay, Regina and McKeown, Kathleen R and Elhadad, Michael},
  booktitle={Proceedings of the 37th annual meeting of the Association for Computational Linguistics on Computational Linguistics},
  pages={550--557},
  year={1999},
  organization={Association for Computational Linguistics}
}

@inproceedings{levy2014dependency,
  title={Dependency-Based Word Embeddings.},
  author={Levy, O. and Goldberg, Y.},
  booktitle={Proc. of the 52nd Annual Meeting of the Association for Computational Linguistics (ACL)},
  pages={302--308},
  year={2014}
}

@article{blair2003hybrid,
  title={A hybrid approach for answering definitional questions},
  author={Blair-Goldensohn, Sasha and McKeown, Kathleen and Schlaikjer, Andrew Hazen},
  journal={Technical Report CUCS-006-03, Columbia University},
  year={2003}
}

@inproceedings{riedel2013relation,
  title={Relation extraction with matrix factorization and universal schemas},
  author={Riedel, S. and Yao, L. and McCallum, A. and Marlin, B. M.},
  booktitle={Proc. of Annual Meeting of the North American Chapter of the Association for Computational Linguistics (NAACL)},
  year={2013}
}

@InProceedings{prasad08,
    author = {Rashmi Prasad and Nikhil Dinesh and Alan Lee and Eleni Miltsakaki and Livio Robaldo and Aravind Joshi and Bonnie Webber},
    title = {The Penn Discourse Treebank 2.0},
    booktitle = {Proceedings of the 6th International Conference on Language Resources and Evaluation (LREC)},
    year = 2008,
}  

@article{moldovan2007cogex,
  title={Cogex: A semantically and contextually enriched logic prover for question answering},
  author={Moldovan, Dan and Clark, Christine and Harabagiu, Sanda and Hodges, Daniel},
  journal={Journal of Applied Logic},
  volume={5},
  number={1},
  pages={49--69},
  year={2007},
  publisher={Elsevier}
}


@inproceedings{Kim2015MindTG,
  title={Mind the Gap: A Generative Approach to Interpretable Feature Selection and Extraction},
  author={Been Kim and Julie A. Shah and Finale Doshi-Velez},
  booktitle={NIPS},
  year={2015}
}

@article{wang2015long,
  title={A long short-term memory model for answer sentence selection in question answering},
  author={Wang, Di and Nyberg, Eric},
  journal={ACL, July},
  year={2015}
}

@Conference{Higashinaka:08,
  author = "Ryuichiro Higashinaka and Hideki Isozaki",
  title = "Corpus-based Question Answering for Why-Questions",
  booktitle = "Proceedings of the Proceedings of the Third International Joint Conference on Natural Language Processing (IJCNLP)",
  year = 2008,
  pages = "418--425",
  address = {Hyderabad, India}
}

@inproceedings{baral2006using,
  title={Using AnsProlog with Link Grammar and WordNet for QA with deep reasoning},
  author={Tari, Luis and Baral, Chitta},
  booktitle={Information Technology, 2006. ICIT'06. 9th International Conference on},
  pages={125--128},
  year={2006},
  organization={IEEE}
}

@inproceedings{woodsenddistributed,
  title={Distributed Representations for Unsupervised Semantic Role Labeling},
  author={Woodsend, K. and Lapata, M.},
  booktitle={Proc. of the 2015 Conference on Empirical Methods in Natural Language Processing (EMNLP)},
  year={2015}
}

@inproceedings{clark2013study,
  title={A study of the knowledge base requirements for passing an elementary science test},
  author={Clark, P. and Harrison, P. and Balasubramanian, N.},
  booktitle={Proc. of the 2013 workshop on Automated Knowledge Base Construction (AKBC)},
  pages={37--42},
  year={2013}
}

@inproceedings{jansen14,
 author = {Peter Jansen and Mihai Surdeanu and Peter Clark},
 title = {Discourse Complements Lexical Semantics for Non-factoid Answer Reranking},
 booktitle = {Proceedings of the 52nd Annual Meeting of the Association for Computational Linguistics (ACL)},
 year = {2014},
 }

@article{Wang:2007,
author = {Wang, Mengqiu and Smith, Noah A. and Mitamura, Teruko},
journal = {Proc. of the 2007 Joint Conference on Empirical Methods in Natural Language Processing and Computational Natural Language Learning},
keywords = {qa},
mendeley-tags = {qa},
title = {{What is the Jeopardy model? A quasi-synchronous grammar for QA}},
year = {2007},
  pages = "22--32",
  address = {Prague, Czech Republic}
}

@Conference{Girju:03,
  author = "Roxana Girju",
  title = "Automatic Detection of Causal Relations for Question Answering",
  booktitle = "Proceedings of the 41st Annual Meeting of the Association for Computational Linguistics (ACL), Workshop on Multilingual Summarization and Question Answering",
  year = 2003,
  pages = "76--83",
  address = {Sapporo, Japan}
}

@inproceedings{lin1998,
  year = {1998},
  author = {Lin, Dekang},
  booktitle = {Proceedings of the 36th Annual Meeting of the Association for Computational
Linguistics and the 17th International Conference on Computational Linguistics (COLING-ACL-1998)},
  title = {Automatic retrieval and clustering of similar words},
}

@inproceedings{daume2007,
  added-at = {2009-01-22T03:11:16.000+0100},
  address = {Prague, Czech Republic},
  author = {Daum{\'e} III, Hal},
  biburl = {http://www.bibsonomy.org/bibtex/28d93ac1c9b2335828df9735978980f9d/jamesh},
  booktitle = {Proceedings of the 45th Annual Meeting of the Association of Computational Linguistics},
  interhash = {b6e4516e8966730952b50e05b50dafc7},
  intrahash = {8d93ac1c9b2335828df9735978980f9d},
  keywords = {domainadaptation},
  month = {June},
  pages = {256--263},
  publisher = {Association for Computational Linguistics},
  timestamp = {2009-01-22T03:11:16.000+0100},
  title = {Frustratingly Easy Domain Adaptation},
  url = {http://www.aclweb.org/anthology/P/P07/P07-1033},
  year = 2007
}

@Article{lin12,
  author = {Ziheng Lin and Hwee Tou Ng and Min-Yen Kan},
  title = {A {PDTB}-styled end-to-end discourse parser},
  journal = {Natural Language Engineering},
  volume = {1},
  number = {1},
  pages = {1--35},
  year = {2012},
}

@Article{Zapirain:13,
  author    = {Benat Zapirain and Eneko Agirre and Lluis Marquez and Mihai Surdeanu},
  title     = {Selectional Preferences for Semantic Role Classification},
  journal = {Computational Linguistics},
  volume = {39},
  number = {3},
  year      = {2013},
}

@inproceedings{Yue:etal:2007,
 author = {Yue, Yisong and Finley, Thomas and Radlinski, Filip and Joachims, Thorsten},
 title = {A support vector method for optimizing average precision},
 booktitle = {SIGIR '07: Proceedings of the 30th annual international ACM SIGIR conference on Research and development in information retrieval},
 year = {2007},
 pages = {271--278},
 location = {Amsterdam, The Netherlands},
 publisher = {ACM},
 address = {New York, NY, USA},
 }

@inproceedings{yang2014joint,
  title={Joint Relational Embeddings for Knowledge-based Question Answering.},
  author={Yang, M.-C. and Duan, N. and Zhou, M. and Rim, H.-C.},
  booktitle={Proc. of the Conference on Empirical Methods in Natural Language Processing (EMNLP)},
  pages={645--650},
  year={2014}
}

@inproceedings{soricut2003,
   author = {R. Soricut and D. Marcu},
   title = {Sentence Level Discourse Parsing using Syntactic and Lexical Information},
   booktitle = {Proceedings of the Human Language Technology and North American Association for Computational Linguistics Conference},
   year = {2003},
}

@inproceedings{Ribeiro2016WhySI,
  title={"Why Should I Trust You?": Explaining the Predictions of Any Classifier},
  author={Marco T{\'u}lio Ribeiro and Sameer Singh and Carlos Guestrin},
  booktitle={HLT-NAACL Demos},
  year={2016}
}

@inproceedings{chen2016acl,
  title={A Thorough Examination of the CNN / Daily Mail Reading Comprehension Task},
  author={Danqi Chen and Jason Bolton and Christopher D. Manning},
  booktitle={Proceedings of Association for Computational Linguistics (ACL)},
  year={2016}
}

@Conference{Riezler:etal:2007,
  author = "Stefan Riezler and Alexander Vasserman and Ioannis Tsochantaridis and Vibhu Mittal and Yi Liu",
  title = "Statistical Machine Translation for Query Expansion in Answer Retrieval",
  booktitle = "Proceedings of the 45th Annual Meeting of the Association for Computational Linguistics (ACL)",
  year = 2007,
  pages = "464--471"
}

@article{sultan-etal:2014:TACL,
title = {Back to Basics for Monolingual Alignment: Exploiting Word Similarity and Contextual Evidence},
author = {Md. Arafat Sultan and Steven Bethard and Tamara Sumner},
url = {http://www.transacl.org/wp-content/uploads/2014/05/53.pdf},
year = {2014},
date = {2014-01-01},
journal = {Transactions of the Association for Computational Linguistics},
volume = {2},
pages = {219--230},
keywords = {text similarity}
}


@Conference{Agichtein:08,
  author = "Eugene Agichtein and Carlos Castillo and Debora Donato and Aristides Gionis  and Gilad Mishne",
  title = "Finding High-Quality Content in Social Media, with an Application to Community-based Question Answering",
  booktitle = "Proceedings of the Web Search and Data Mining Conference (WSDM)",
  year = 2008,
  pages = "183--194",
  address = {Stanford, CA, USA}
}

@inproceedings{Khashabi2016QuestionAV,
  title={Question Answering via Integer Programming over Semi-Structured Knowledge},
  author={Daniel Khashabi and Tushar Khot and Ashish Sabharwal and Peter Clark and Oren Etzioni and Dan Roth},
  booktitle={Proceedings of the Twenty-Fifth International Joint Conference on Artificial Intelligence (IJCAI-16},
  year={2016},
  pages={1145--1152}
}

@Book{Cunningham2011a,
  author = {H. Cunningham and D. Maynard and K. Bontcheva and V. Tablan and N. Aswani and I. Roberts and
    G. Gorrell and A. Funk and A. Roberts and D. Damljanovic and T. Heitz and M. A. Greenwood and
    H. Saggion and J. Petrak and Y. Li and W. Peters},
  title = {{Text Processing with GATE (Version 6)}},
  isbn = {978-0956599315},
  year = 2011,
  url = {http://tinyurl.com/gatebook}
}

@Article{Lao:10,
  author    = {Lao, Ni and Cohen, William W.},
  title     = {Relational retrieval using a combination of path-constrained random walks},
  journal = {Machine Learning},
  year      = {2010}
}

@inproceedings{yao2014information,
  title={Information extraction over structured data: Question answering with freebase},
  author={Yao, Xuchen and Van Durme, Benjamin},
  booktitle={Proceedings of ACL},
  year={2014}
}

@inproceedings{lee2012,
  year = {2012},
  author = {Heeyoung Lee and Marta Recasens and Angel Chang and Mihai Surdeanu and Dan Jurafsky},
  booktitle = {Proceedings of the Conference on Empirical Methods in Natural Language Processing and Computational Natural Language Learning (EMNLP-CoNLL)},
  title = {Joint Entity and Event Coreference Resolution across Documents},
}

@inproceedings{sun2009latent,
  title={Latent Variable Perceptron Algorithm for Structured Classification.},
  author={Sun, Xu and Matsuzaki, Takuya and Okanohara, Daisuke and Jun'ichi Tsujii},
  booktitle={IJCAI},
  volume={9},
  pages={1236--1242},
  year={2009}
}

@inproceedings{baral2012knowledge,
  title={From Knowledge Represented in Frame-Based Languages to Declarative Representation and Reasoning via ASP.},
  author={Baral, Chitta and Liang, Shanshan},
  booktitle={KR},
  year={2012}
}

@Article{Brown:93,
  author = "Peter F. Brown and Stephen A. Della Pietra and Vincent J. Della Pietra and Robert L. Mercer",
  title = "The Mathematics of Statistical Machine Translation: Parameter Estimation",  
  journal = "Computational Linguistics",
  year = 1993,
  volume = 19,
  number = 2,
  pages = "263--311",
}

@inproceedings{sharmatowards,
  title={Towards Addressing the Winograd Schema Challenge-Building and Using a Semantic Parser and a Knowledge Hunting Module},
  author={Sharma, Arpit and Vo, Nguyen H and Aditya, Somak and Baral, Chitta},
  booktitle={Proceedings of the International Joint Conferences on Artificial Intelligence (IJCAI)},
  year={2015}
}

@article{balduccini2008knowledge,
  title={Knowledge representation and question answering},
  author={Balduccini, Marcello and Baral, Chitta and Lierler, Yuliya},
  journal={Foundations of Artificial Intelligence},
  volume={3},
  pages={779--819},
  year={2008},
  publisher={Elsevier}
}

@Article{Lee:13,
  author    = {Heeyoung Lee and Angel Chang and Yves Peirsman and Nathanael Chambers and Mihai Surdeanu and Dan Jurafsky},
  title     = {Deterministic coreference resolution based on entity-centric, precision-ranked rules},
  journal = {Computational Linguistics},
  volume = {39},
  number = {4},
  year      = {2013},
}

@article{lewis2013combining,
  title={Combining Distributional and Logical Semantics},
  author={Lewis, Mike and Steedman, Mark},
  journal={Transactions of the Association for Computational Linguistics},
  volume={1},
  pages={179--192},
  year={2013}
}

@inproceedings{Severyn2015LearningTR,
  title={Learning to Rank Short Text Pairs with Convolutional Deep Neural Networks},
  author={Aliaksei Severyn and Alessandro Moschitti},
  booktitle={SIGIR},
  year={2015}
}

@inproceedings{clark:2015,
  author    = {Peter Clark},
  title     = {Elementary School Science and Math Tests as a Driver for {AI:} Take
               the {Aristo} Challenge!},
  booktitle = {Proceedings of the Twenty-Ninth {AAAI} Conference on Artificial Intelligence,
               January 25-30, 2015, Austin, Texas, {USA.}},
  pages     = {4019--4021},
  year      = {2015},
  crossref  = {DBLP:conf/aaai/2015},
  timestamp = {Sun, 12 Apr 2015 15:18:08 +0200}
}

@article{jansen2017framing,
  title={Framing QA as Building and Ranking Intersentence Answer Justifications},
  author={Jansen, Peter and Sharp, Rebecca and Surdeanu, Mihai and Clark, Peter},
  journal={Computational Linguistics},
  year={2017},
  publisher={MIT Press}
}

@inproceedings{Banko2007OpenIE,
  title={Open Information Extraction from the Web},
  author={Michele Banko and Michael J. Cafarella and Stephen Soderland and Matthew Broadhead and Oren Etzioni},
  booktitle={IJCAI},
  year={2007}
}

@inproceedings{clark:2013,
 author = {Clark, Peter and Harrison, Philip and Balasubramanian, Niranjan},
 title = {A study of the knowledge base requirements for passing an elementary science test},
 booktitle = {Proceedings of the 2013 Workshop on Automated Knowledge Base Construction},
 series = {AKBC'13},
 year = {2013}, 
 pages = {37--42},
} 

@inproceedings{napoles2012,
 author = {Napoles, Courtney and Gormley, Matthew and Van Durme, Benjamin},
 title = {Annotated Gigaword},
 booktitle = {Proceedings of the Joint Workshop on Automatic Knowledge Base Construction and Web-scale Knowledge Extraction},
 series = {AKBC-WEKEX '12},
 year = {2012},
 location = {Montreal, Canada},
 pages = {95--100},
 numpages = {6},
 url = {http://dl.acm.org/citation.cfm?id=2391200.2391218},
 acmid = {2391218},
 publisher = {Association for Computational Linguistics},
 address = {Stroudsburg, PA, USA},
} 

@inproceedings{He2016CharacterLevelQA,
  title={Character-Level Question Answering with Attention},
  author={Xiaodong He and David Golub},
  booktitle={EMNLP},
  year={2016}
}

@inproceedings{Joachims:2006,
 author = {Joachims, Thorsten},
 title = {Training linear SVMs in linear time},
 booktitle = {KDD '06: Proceedings of the 12th ACM SIGKDD international conference on Knowledge discovery and data mining},
 year = {2006},
 pages = {217--226},
 location = {Philadelphia, PA, USA},
 publisher = {ACM},
 address = {New York, NY, USA},
 }

@Article{Palmer:05,
  author = "Martha Palmer and Daniel Gildea and Paul Kingsbury",
  title = "The Proposition Bank: An Annotated Corpus of Semantic Roles",  
  journal = "Computational Linguistics",
  year = 2005,
  volume = 31,
  number = 1,
  pages = "71--106"
}

@inproceedings{Zeiler2014VisualizingAU,
  title={Visualizing and Understanding Convolutional Networks},
  author={Matthew D. Zeiler and Rob Fergus},
  booktitle={ECCV},
  year={2014}
}

@inproceedings{Chakrabarti:07,
  year = {2007},
  author = {S. Chakrabarti},
  booktitle = {Proceedings of WWW},
  title = {Dynamic personalized pagerank in entity-relation graphs}
}

@inproceedings{hendrickx2009semeval,
  title={Semeval-2010 task 8: Multi-way classification of semantic relations between pairs of nominals},
  author={Hendrickx, I. and Kim, S. N. and Kozareva, Z. and Nakov, P. and {\'O} S{\'e}aghdha, D. and Pad{\'o}, S. and Pennacchiotti, M. and Romano, L. and Szpakowicz, S.},
  booktitle={Proc. of the Workshop on Semantic Evaluations: Recent Achievements and Future Directions},
  pages={94--99},
  year={2009}
}

@InProceedings{jansen-EtAl:2016:COLING,
  author    = {Jansen, Peter  and  Balasubramanian, Niranjan  and  Surdeanu, Mihai  and  Clark, Peter},
  title     = {What's in an Explanation? Characterizing Knowledge and Inference Requirements for Elementary Science Exams},
  booktitle = {Proceedings of COLING 2016, the 26th International Conference on Computational Linguistics: Technical Papers},
  month     = {December},
  year      = {2016},
  address   = {Osaka, Japan},
  publisher = {The COLING 2016 Organizing Committee},
  pages     = {2956--2965}
}
@inproceedings{curran2007minimising,
  title={Minimising semantic drift with mutual exclusion bootstrapping},
  author={Curran, J. R. and Murphy, T. and Scholz, B.},
  booktitle={Proc. of the 10th Conference of the Pacific Association for Computational Linguistics},
  volume={3},
  year={2007}
}

@phdthesis{marcu97,
  author      = {Daniel Marcu},
  title       = {The Rhetorical Parsing, Summarization, and Generation of Natural Language Texts},
  school      = {University of Toronto},
  year        = {1997}
}

@inproceedings{yarowsky:95,
  year = {1995},
  author = {David Yarowsky},
  booktitle = {Proceedings of the 33rd Annual Meeting of the Association for Computational Linguistics},
  title = {Unsupervised word sense disambiguation rivaling supervised methods}
}

@article{barzilay2005sentence,
  title={Sentence fusion for multidocument news summarization},
  author={Barzilay, Regina and McKeown, Kathleen R},
  journal={Computational Linguistics},
  volume={31},
  number={3},
  pages={297--328},
  year={2005},
  publisher={MIT Press}
}

@inproceedings{lao2011,
  title={Random Walk Inference and Learning in A Large Scale Knowledge Base.},
  author={Lao, Ni and Mitchell, Tom and Cohen, William W.},
  booktitle={Proceedings of EMNLP },
  year={2011}
}

@inproceedings{Lei2016RationalizingNP,
  title={Rationalizing Neural Predictions},
  author={Tao Lei and Regina Barzilay and Tommi S. Jaakkola},
  booktitle={EMNLP},
  year={2016}
}


@misc{wiki:wikistats,
   author = "Wikipedia",
   title = "Wikipedia:Statistics",
   year = "2017",
   url = "\url{https://en.wikipedia.org/wiki/Wikipedia:Statistics}",
   note = "[Online; accessed 24-July-2017]"
 }

@misc{arXivstats,
   author = "arXiv",
   title = "arXiv monthly submission rates",
   year = "2017",
   url = "\url{https://arxiv.org/stats/monthly_submissions}",
   note = "[Online; accessed 24-July-2017]"
 }

@misc{internetstats,
   author = "{Real Time Statistics Project}",
   title = "Internet Live Stats",
   year = "2017",
   url = "\url{http://www.internetlivestats.com}",
   note = "[Online; accessed 25-July-2017]"
 } 
 
 @inproceedings{Le2014DistributedRO,
  title={Distributed Representations of Sentences and Documents},
  author={Quoc V. Le and Tomas Mikolov},
  booktitle={ICML},
  year={2014}
}

@inproceedings{Sutskever2014SequenceTS,
  title={Sequence to Sequence Learning with Neural Networks},
  author={Ilya Sutskever and Oriol Vinyals and Quoc V. Le},
  booktitle={NIPS},
  year={2014}
}

@article{Pagliardini2017UnsupervisedLO,
  title={Unsupervised Learning of Sentence Embeddings using Compositional n-Gram Features},
  author={Matteo Pagliardini and Prakhar Gupta and Martin Jaggi},
  journal={CoRR},
  year={2017},
  volume={abs/1703.02507}
}

 