@inproceedings{chambers2007learning,
  title={Learning alignments and leveraging natural logic},
  author={Chambers, N. and Cer, D. and Grenager, T. and Hall, D. and Kiddon, C. and MacCartney, B. and De Marneffe, M.-C. and Ramage, D. and Yeh, E. and Manning, C. D.},
  booktitle={Proc. of the ACL-PASCAL Workshop on Textual Entailment and Paraphrasing},
  pages={165--170},
  year={2007}
}

@Book{Cunningham2011a,
  author = {H. Cunningham and D. Maynard and K. Bontcheva and V. Tablan and N. Aswani and I. Roberts and
    G. Gorrell and A. Funk and A. Roberts and D. Damljanovic and T. Heitz and M. A. Greenwood and
    H. Saggion and J. Petrak and Y. Li and W. Peters},
  title = {{Text Processing with GATE (Version 6)}},
  isbn = {978-0956599315},
  year = 2011,
  url = {http://tinyurl.com/gatebook}
}

@inproceedings{valenzuela2016runes,
  title={Odin's Runes: A Rule Language for Information Extraction},
  author={Valenzuela-Esc\'{a}rcega, M. A. and Hahn-Powell, G. and Surdeanu, M.},
  booktitle={Proc. of the 10th International Conference on Language Resources and Evaluation (LREC)},
  year={2016}
}

@inproceedings{levy2014dependency,
  title={Dependency-Based Word Embeddings.},
  author={Levy, O. and Goldberg, Y.},
  booktitle={Proc. of the 52nd Annual Meeting of the Association for Computational Linguistics (ACL)},
  pages={302--308},
  year={2014}
}

@article{faruqui2016problems,
  title={Problems With Evaluation of Word Embeddings Using Word Similarity Tasks},
  author={Faruqui, M. and Tsvetkov, Y. and Rastogi, R. and Dyer, C.},
  journal={arXiv preprint arXiv:1605.02276},
  year={2016}
}

@inproceedings{cole2005lightweight,
  title={A lightweight tool for automatically extracting causal relationships from text},
  author={Cole, S. V. and Royal, M. D. and Valtorta, M. G. and Huhns, M. N. and Bowles, J. B.},
  booktitle={SoutheastCon, 2006. Proc. of the IEEE},
  pages={125--129},
  year={2005}
}

@inproceedings{girju2002text,
  title={Text mining for causal relations},
  author={Girju, R. and Moldovan, D. I.},
  booktitle={FLAIRS Conference},
  pages={360--364},
  year={2002}
}

@inproceedings{clark2013study,
  title={A study of the knowledge base requirements for passing an elementary science test},
  author={Clark, P. and Harrison, P. and Balasubramanian, N.},
  booktitle={Proc. of the 2013 workshop on Automated Knowledge Base Construction (AKBC)},
  pages={37--42},
  year={2013}
}

@inproceedings{Manning:14,
  year = {2014}, 
  author = {Manning, C. D. and Surdeanu, M. and Bauer, J. and Finkel, J. and Bethard, S. J. and McClosky, D.},
  booktitle = {Proc. of the 52nd Annual Meeting of the Association for Computational Linguistics (ACL)}, 
  title = {The {Stanford CoreNLP} Natural Language Processing Toolkit}, 
}

@inproceedings{chen14,
  year = {2014}, 
  author = {Chen, D. and Manning, C. D.},
  booktitle = {Proc. of the Conferenc on Empirical Methods for Natural Language Processing (EMNLP)}, 
  title = {A Fast and Accurate Dependency Parser using Neural Networks}, 
}

@inproceedings{sharp2015spinning,
  title={Spinning straw into gold},
  author={Sharp, R. and Jansen, P. and Surdeanu, M. and Clark, P.},
  booktitle={Proc. of the Conference of the North American Chapter of the Association for Computational Linguistics - Human Language Technologies},
  year={2015}
}

@inproceedings{mikolov2013distributed,
  title={Distributed representations of words and phrases and their compositionality},
  author={Mikolov, T. and Sutskever, I. and Chen, K. and Corrado, G. S. and Dean, J.},
  booktitle={Advances in neural information processing systems},
  pages={3111--3119},
  year={2013}
}

@article{mikolov2013efficient,
  title={Efficient estimation of word representations in vector space},
  author={Mikolov, T. and Chen, K. and Corrado, G. and Dean, J.},
  journal={arXiv preprint arXiv:1301.3781},
  year={2013}
}

@misc{chollet2015keras,
  title={Keras},
  author={Chollet, F.},
  year={2015},
  publisher={GitHub},
  howpublished={\url{https://github.com/fchollet/keras}},
}

@ARTICLE{2016arXiv160502688short,
   author = {{Theano Development Team}},
    title = "{Theano: A {Python} framework for fast computation of mathematical expressions}",
  journal = {arXiv e-prints},
   volume = {abs/1605.02688},
 primaryClass = "cs.SC",
 keywords = {Computer Science - Symbolic Computation, Computer Science - Learning, Computer Science - Mathematical Software},
     year = 2016,
    month = may,
      url = {http://arxiv.org/abs/1605.02688},
}

@inproceedings{napoles2012annotated,
  title={{Annotated gigaword}},
  author={Napoles, C. and Gormley, M. and Van Durme, B.},
  booktitle={Proc. of the Joint Workshop on Automatic Knowledge Base Construction and Web-scale Knowledge Extraction},
  pages={95--100},
  year={2012}
}

@article{fried2015higher,
  title={Higher-order Lexical Semantic Models for Non-factoid Answer Reranking},
  author={Fried, D. and Jansen, P. and Hahn-Powell, G. and Surdeanu, M. and Clark, P.},
  journal={Transactions of the Association for Computational Linguistics},
  volume={3},
  pages={197--210},
  year={2015}
}

@Article{Brown:93,
  author = "P. F. Brown and S. A. Della Pietra and V. J. Della Pietra and R. L. Mercer",
  title = "The Mathematics of Statistical Machine Translation: Parameter Estimation",  
  journal = "Computational Linguistics",
  year = 1993,
  volume = 19,
  number = 2,
  pages = "263--311",
}

@ARTICLE{och03,
AUTHOR = {F. J. Och and H. Ney},
TITLE = {A Systematic Comparison of Various Statistical Alignment Models},
JOURNAL= {Computational Linguistics},
NUMBER = 1,
VOLUME = 29,
YEAR = 2003,
PAGES = {19--51}}

@inproceedings{yih13,
 author = {Yih, W.  and M. Chang and C. Meek and A. Pastusiak},
 title = {Question Answering Using Enhanced Lexical Semantic Models},
 booktitle = {Proc. of the 51st Annual Meeting of the Association for Computational Linguistics (ACL)},
 year = {2013},
 }

@inproceedings{jansen14,
 author = {P. Jansen and M. Surdeanu and P. Clark},
 title = {Discourse Complements Lexical Semantics for Non-factoid Answer Reranking},
 booktitle = {Proc. of the 52nd Annual Meeting of the Association for Computational Linguistics (ACL)},
 year = {2014},
 }

@article{yang2014multi,
  title={Multi level causal relation identification using extended features},
  author={Yang, X. and Mao, K.},
  journal={Expert Systems with Applications},
  volume={41},
  number={16},
  pages={7171--7181},
  year={2014},
  publisher={Elsevier}
}

@article{khoo1998automatic,
  title={Automatic extraction of cause-effect information from newspaper text without knowledge-based inferencing},
  author={Khoo, C. S.G. and Kornfilt, J. and Oddy, R. N. and Myaeng, S. H.},
  journal={Literary and Linguistic Computing},
  volume={13},
  number={4},
  pages={177--186},
  year={1998},
  publisher={ALLC}
}

@inproceedings{do2011minimally,
  title={Minimally supervised event causality identification},
  author={Do, Q. X. and Chan, Y. S. and Roth, D.},
  booktitle={Proc. of the Conference on Empirical Methods in Natural Language Processing (EMNLP)},
  pages={294--303},
  year={2011}
}

@inproceedings{oh2013question,
  title={Why-Question Answering using Intra-and Inter-Sentential Causal Relations.},
  author={Oh, J.-H. and Torisawa, K. and Hashimoto, C. and Sano, M. and De Saeger, S. and Ohtake, K.},
  booktitle={The 51st Annual Meeting of the Association for Computational Linguistics (ACL)},
  pages={1733--1743},
  year={2013}
}

@inproceedings{fitzgerald2015semantic,
  title={Semantic Role Labeling with Neural Network Factors},
  author={FitzGerald, N. and T{\"a}ckstr{\"o}m, O. and Ganchev, K. and Das, D.},
  booktitle={Proc. of the 2015 Conference on Empirical Methods in Natural Language Processing (EMNLP)},
  pages={960--970},
  year={2015}
}

@inproceedings{woodsenddistributed,
  title={Distributed Representations for Unsupervised Semantic Role Labeling},
  author={Woodsend, K. and Lapata, M.},
  booktitle={Proc. of the 2015 Conference on Empirical Methods in Natural Language Processing (EMNLP)},
  year={2015}
}

@inproceedings{kielaspecializing,
  title={Specializing Word Embeddings for Similarity or Relatedness},
  author={Kiela, D. and Hill, F. and Clark, S.},
  booktitle={Proc. of the 2015 Conference on Empirical Methods in Natural Language Processing (EMNLP)},
  year={2015}
}

@inproceedings{riedel2013relation,
  title={Relation extraction with matrix factorization and universal schemas},
  author={Riedel, S. and Yao, L. and McCallum, A. and Marlin, B. M.},
  booktitle={Proc. of Annual Meeting of the North American Chapter of the Association for Computational Linguistics (NAACL)},
  year={2013}
}

@article{bordes2014question,
  title={Question answering with subgraph embeddings},
  author={Bordes, A. and Chopra, S. and Weston, J.},
  journal={arXiv preprint arXiv:1406.3676},
  year={2014}
}

@inproceedings{yang2014joint,
  title={Joint Relational Embeddings for Knowledge-based Question Answering.},
  author={Yang, M.-C. and Duan, N. and Zhou, M. and Rim, H.-C.},
  booktitle={Proc. of the Conference on Empirical Methods in Natural Language Processing (EMNLP)},
  pages={645--650},
  year={2014}
}

@Conference{Berger:00,
  author = "A. Berger and R. Caruana and D. Cohn and D. Freytag and V. Mittal",
  title = "Bridging the Lexical Chasm: Statistical Approaches to Answer Finding",
  booktitle = "Proc. of the 23rd Annual International ACM SIGIR Conference on Research \& Development on Information Retrieval",
  year = 2000
}

@Conference{Echihabi:03,
  author = "A. Echihabi and D. Marcu",
  title = "A Noisy-Channel Approach to Question Answering",
  booktitle = "Proc. of the 41st Annual Meeting of the Association for Computational Linguistics (ACL)",
  year = 2003,
  pages = "16--23"
}

@Article{Soricut:06,
  author = "R. Soricut and E. Brill",
  title = "Automatic Question Answering Using the Web: Beyond the Factoid",  
  journal = "Journal of Information Retrieval - Special Issue on Web Information Retrieval",
  year = 2006,
  volume = 9,
  number = 2,
  pages = "191--206"
}

@Conference{Riezler:etal:2007,
  author = "S. Riezler and A. Vasserman and I. Tsochantaridis and V. Mittal and Y. Liu",
  title = "Statistical Machine Translation for Query Expansion in Answer Retrieval",
  booktitle = "Proc. of the 45th Annual Meeting of the Association for Computational Linguistics (ACL)",
  year = 2007,
  pages = "464--471"
}

@Article{Surdeanu:11,
  author = "Surdeanu, M. and Ciaramita, M. and Zaragoza, H.",
  title = "Learning to Rank Answers to Non-Factoid Questions from Web Collections",  
  journal = "Computational Linguistics",
  year = 2011,
  volume = 37,
  number = 2,
  pages = "351--383"
}

@inproceedings{yao2013,
  title={Semi-Markov Phrase-based Monolingual Alignment.},
  author={Yao, X. and Van Durme, B. and Callison-Burch, C. and Clark, P.},
  booktitle={Proc. of the Conference on Empirical Methods in Natural Language Processing (EMNLP)},
  year={2013}
}

@inproceedings{hendrickx2009semeval,
  title={Semeval-2010 task 8: Multi-way classification of semantic relations between pairs of nominals},
  author={Hendrickx, I. and Kim, S. N. and Kozareva, Z. and Nakov, P. and {\'O} S{\'e}aghdha, D. and Pad{\'o}, S. and Pennacchiotti, M. and Romano, L. and Szpakowicz, S.},
  booktitle={Proc. of the Workshop on Semantic Evaluations: Recent Achievements and Future Directions},
  pages={94--99},
  year={2009}
}

@article{hochreiter1997long,
  title={Long short-term memory},
  author={Hochreiter, S. and Schmidhuber, J.},
  journal={Neural computation},
  volume={9},
  number={8},
  pages={1735--1780},
  year={1997},
  publisher={MIT Press}
}

@inproceedings{hearst1992automatic,
  title={Automatic acquisition of hyponyms from large text corpora},
  author={Hearst, M. A.},
  booktitle={Proc. of the 14th conference on Computational linguistics (COLING)},
  pages={539--545},
  year={1992}
}

@inproceedings{curran2007minimising,
  title={Minimising semantic drift with mutual exclusion bootstrapping},
  author={Curran, J. R. and Murphy, T. and Scholz, B.},
  booktitle={Proc. of the 10th Conference of the Pacific Association for Computational Linguistics},
  volume={3},
  year={2007}
}

@inproceedings{riloff1996automatically,
  title={Automatically generating extraction patterns from untagged text},
  author={Riloff, E.},
  booktitle={Proc. of the National Conference on Artificial Intelligence (AAAI)},
  pages={1044--1049},
  year={1996}
}

@inproceedings{levy2015supervised,
  title={Do supervised distributional methods really learn lexical inference relations},
  author={Levy, O. and Remus, S. and Biemann, C. and Dagan, I. and Ramat-Gan, I.},
  booktitle = {Proc. of the Conference of the North American Chapter of the Association for Computational Linguistics (NAACL)},
  year={2015}
}

@inproceedings{chu2004ibm,
  title={{IBM's PIQUANT II in TREC 2004.}},
  author={Chu-Carroll, J. and Czuba, K. and Prager, J. M. and Ittycheriah, A. and Blair-Goldensohn, S.},
  booktitle={Text Retrieval Conference (TREC)},
  year={2004}
}

@Article{Etzioni:11,
  author = "O. Etzioni",
  title = "Search needs a shake-up",
  journal = "Nature",
  year = 2011,
  volume = 476,
  number = 7358,
  pages = "25--26",
}

@article{ferrucci2010building,
  title={{Building Watson: An overview of the DeepQA project}},
  author={Ferrucci, D. and Brown, E. and Chu-Carroll, J. and Fan, J. and Gondek, D. and Kalyanpur, A. A. and Lally, A. and Murdock, J. W. and Nyberg, E. and Prager, J. and others},
  journal={AI magazine},
  volume={31},
  number={3},
  pages={59--79},
  year={2010}
}

@article{kingma2014adam,
  title={Adam: A method for stochastic optimization},
  author={Kingma, D. and Ba, J.},
  journal={arXiv preprint arXiv:1412.6980},
  year={2014}
}

@inproceedings{tibshirani2014robust,
  title={Robust Logistic Regression using Shift Parameters.},
  author={Tibshirani, J. and Manning, C. D.},
  booktitle={ACL (2)},
  pages={124--129},
  year={2014}
}

@inproceedings{iyyer2015deep,
  title={Deep unordered composition rivals syntactic methods for text classification},
  author={Iyyer, Mohit and Manjunatha, Varun and Boyd-Graber, Jordan and Daum{\'e} III, Hal},
  booktitle={Proceedings of the Association for Computational Linguistics},
  year={2015}
}




